<record><leader>00000cas a22000007a 4500</leader><controlfield tag="001">11682439</controlfield><controlfield tag="008">850211d18521866njuwr ne      0    0eng d</controlfield><datafield ind1=" " ind2=" " tag="010"><subfield code="a">sn 85025352 </subfield></datafield><datafield ind1=" " ind2=" " tag="040"><subfield code="a">NPX</subfield><subfield code="b">eng</subfield><subfield code="c">NPX</subfield><subfield code="d">NPA</subfield><subfield code="d">NJW</subfield><subfield code="d">NVK</subfield><subfield code="d">OCL</subfield><subfield code="d">OCLCQ</subfield><subfield code="d">OCLCF</subfield><subfield code="d">OCLCO</subfield></datafield><datafield ind1=" " ind2=" " tag="042"><subfield code="a">msc</subfield></datafield><datafield ind1=" " ind2=" " tag="043"><subfield code="a">n-us-nj</subfield></datafield><datafield ind1="0" ind2="4" tag="245"><subfield code="a">The Ocean emblem.</subfield></datafield><datafield ind1=" " ind2=" " tag="260"><subfield code="a">Tom's River, N.J. :</subfield><subfield code="b">Lewis Shinn,</subfield><subfield code="c">-1866.</subfield></datafield><datafield ind1=" " ind2=" " tag="300"><subfield code="a">v. :</subfield><subfield code="b">ill. (chiefly advertisements)</subfield></datafield><datafield ind1=" " ind2=" " tag="310"><subfield code="a">Weekly</subfield></datafield><datafield ind1="1" ind2=" " tag="362"><subfield code="a">Began with Sept. 8, 1852 issue?</subfield></datafield><datafield ind1="0" ind2=" " tag="362"><subfield code="a">-v. 16, no. 19 (Mar. 1, 1866).</subfield></datafield><datafield ind1=" " ind2=" " tag="500"><subfield code="a">Publishers: Edward C. Taylor, &lt;Dec. 10, 1852&gt;-Apr. 19, 1854; Edward C. Taylor &amp; Co., May 3-&lt;Oct. 25&gt;, 1854; Lewis Shinn, &lt;Nov. 15, 1854&gt;-Feb. 18, 1863; C.L. Davis, Feb. 25-Nov. 19, 1863; Davis &amp; Drake, Nov. 26, 1863-Sept. 9, 1864; Charles L. Davis, Sept. 15, 1864-&lt;Dec. 29, 1864&gt;; G.W. Cowperthwaite &amp; Co., &lt;July 27, 1865&gt;-Mar. 1, 1866.</subfield></datafield><datafield ind1=" " ind2=" " tag="500"><subfield code="a">Editors: Edward C. Taylor, &lt;Dec. 10, 1852-Oct. 25, 1854&gt;; Lewis Shinn, &lt;Nov. 15, 1854&gt;-Feb. 18, 1863; C.L. Davis, Feb. 25, 1863-&lt;Dec. 29, 1864&gt;; F.J. Speer, &lt;June 15-Nov. 23, 1865&gt;.</subfield></datafield><datafield ind1=" " ind2=" " tag="530"><subfield code="a">Also issued on microfilm as part of the Civil War newspapers collection.</subfield></datafield><datafield ind1=" " ind2=" " tag="588"><subfield code="a">Description based on: Vol. 1, no. 5 (Dec. 10, 1852).</subfield></datafield><datafield ind1=" " ind2="0" tag="651"><subfield code="a">Toms River (N.J.)</subfield><subfield code="v">Newspapers.</subfield></datafield><datafield ind1=" " ind2="7" tag="655"><subfield code="a">Newspapers.</subfield><subfield code="2">fast</subfield><subfield code="0">(OCoLC)fst01423814</subfield></datafield><datafield ind1=" " ind2="7" tag="651"><subfield code="a">New Jersey</subfield><subfield code="z">Toms River.</subfield><subfield code="2">fast</subfield><subfield code="0">(OCoLC)fst01214390</subfield></datafield><datafield ind1=" " ind2=" " tag="752"><subfield code="a">United States</subfield><subfield code="b">New Jersey</subfield><subfield code="c">Ocean</subfield><subfield code="d">Toms River.</subfield></datafield><datafield ind1="0" ind2="0" tag="780"><subfield code="t">Ocean signal</subfield><subfield code="w">(DLC)sn 85025353</subfield><subfield code="w">(OCoLC)11682474</subfield></datafield><datafield ind1="0" ind2="0" tag="785"><subfield code="t">New Jersey courier. And Ocean County emblem</subfield><subfield code="w">(DLC)sn 85035522</subfield><subfield code="w">(OCoLC)11837340</subfield></datafield></record>